<?xml version="1.0" encoding="UTF-8"?><record xmlns="http://www.loc.gov/MARC21/slim" xmlns:cinclude="http://apache.org/cocoon/include/1.0" xmlns:zs="http://www.loc.gov/zing/srw/">
  <leader>00875cz  a2200205n  4500</leader>
  <controlfield tag="001">n  99013037 </controlfield>
  <controlfield tag="003">DLC</controlfield>
  <controlfield tag="005">20100518074850.0</controlfield>
  <controlfield tag="008">990216n| acannaabn          |a ana      </controlfield>
  <datafield tag="010" ind1=" " ind2=" ">
    <subfield code="a">n  99013037 </subfield>
  </datafield>
  <datafield tag="034" ind1=" " ind2=" ">
    <subfield code="d">W0740400</subfield>
    <subfield code="e">W0740400</subfield>
    <subfield code="f">N0424800</subfield>
    <subfield code="g">N0424800</subfield>
    <subfield code="2">gnis</subfield>
  </datafield>
  <datafield tag="035" ind1=" " ind2=" ">
    <subfield code="a">(OCoLC)oca04922408</subfield>
  </datafield>
  <datafield tag="040" ind1=" " ind2=" ">
    <subfield code="a">DLC</subfield>
    <subfield code="b">eng</subfield>
    <subfield code="c">DLC</subfield>
    <subfield code="d">OCoLC</subfield>
  </datafield>
  <datafield tag="043" ind1=" " ind2=" ">
    <subfield code="a">n-us-ny</subfield>
  </datafield>
  <datafield tag="151" ind1=" " ind2=" ">
    <subfield code="a">Princetown (N.Y. : Town)</subfield>
  </datafield>
  <datafield tag="451" ind1=" " ind2=" ">
    <subfield code="a">Princetown (N.Y. : Township)</subfield>
  </datafield>
  <datafield tag="670" ind1=" " ind2=" ">
    <subfield code="a">Community Map Co. 1998 town of Princetown, Schenectady County, New York, 1998:</subfield>
    <subfield code="b">map recto (Town of Princetown) map verso (Township of Princetown, Schenectady Co.)</subfield>
  </datafield>
  <datafield tag="670" ind1=" " ind2=" ">
    <subfield code="a">GNIS, 16 Feb. 1999</subfield>
    <subfield code="b">(Princetown, Town of, civil, NY, Schenectady Co., 42°48ʹN 74°04ʹW)</subfield>
  </datafield>
  <datafield tag="670" ind1=" " ind2=" ">
    <subfield code="a">Rand McNally comm. atlas, 1998</subfield>
    <subfield code="b">(Princetown, Town of, Schenectady Co.; includes Princetown village)</subfield>
  </datafield>
  <datafield tag="781" ind1=" " ind2="0">
    <subfield code="z">New York (State)</subfield>
    <subfield code="z">Princetown (Town)</subfield>
  </datafield>
</record>